@patent{kopicki2013patent,
 author = {Marek Kopicki},
 title = {Grasp Modelling. Patent WO/2014/188177, https://patentscope.wipo.int/search/en/detail.jsf?docId=WO2014188177},
 year = {2014},
 month = {11},
 day = {27},
 number = {WO/2014/188177},
 type = {Patent},
 version = {},
 location = {},
 url = {https://patentscope.wipo.int/search/en/detail.jsf?docId=WO2014188177},
 filing_num = {},
 yearfiled = {2013},
 monthfiled = {5},
 dayfiled = {21},
 pat_refs = {},
 IPC_class = {B25J9/16}
}
@inproceedings{detry2013a,
	Author = {R. Detry and C. Henrik Ek and M. Madry and D. Kragic},
	Booktitle = {International Conference on Robotics and Automation},
	Title = {Learning a Dictionary of Prototypical Grasp-predicting Parts from Grasping Experience},
        pages = {601-608},
        publisher = {IEEE},
	Year = {2013}
}
@inproceedings{herzog2012a,
	Author = {Herzog, A. and Pastor, P. and Kalakrishnan, M. and Righetti, L. and Asfour, T. and Schaal, S.},
	Booktitle = {{IEEE ICRA}},
	Title = {Template-based Learning of Grasp Selection},
	Year = {2012}
}
@inproceedings{kroemer2012a,
	Author = {Kroemer, O. and Ugur, E. and Oztop, E. and Peters, J.},
	Booktitle = {{IEEE} International Conference on Robotics and Automation},
	Title = {A kernel-based approach to direct action perception},
        pages = {2605-2610},
        publisher = {IEEE},
	Year = {2012}
}
@inproceedings{ben2012generalization,
	title={Generalization of human grasping for multi-fingered robot hands},
	author={Ben Amor, H. and Kroemer, O. and Hillenbrand, U. and Neumann, G. and Peters, J.},
	booktitle={International Conference on Intelligent Robots and Systems},
	pages={2043--2050},
	year={2012},
	organization={IEEE}
}
@inproceedings{hillenbrand2012transferring,
	title={Transferring functional grasps through contact warping and local replanning},
	author={Hillenbrand, U. and Roa, M.A.},
	booktitle={IEEE/RSJ International Conference on Robotics and Systems},
	pages={2963--2970},
	year={2012},
	organization={IEEE}
}
@inproceedings{hillenbrand2010non,
  title={Non-parametric 3D shape warping},
  author={Hillenbrand, Ulrich},
  booktitle={Pattern Recognition (ICPR)},
  pages={2656--2659},
  year={2010},
  organization={IEEE}
}
@inproceedings{bicchi2000a,
	Author = {Bicchi, A. and Kumar, V.},
	Booktitle = {International Conference on Robotics and Automation},
	Title = {Robotic grasping and contact: a review},
        Publisher = {IEEE},
        pages = {348-353},
	Year = {2000}
}
@inproceedings{thrun2005a,
	Author = {Thrun, S. and Wegbreit, B.},
	Booktitle = {{IEEE ICCV}},
	Pages = {1824--1831},
	Title = {Shape from symmetry},
	Volume = {2},
	Year = {2005}
}
@inproceedings{bohg2011a,
	Author = {Bohg, J. and Johnson-Roberson, M. and Le{\'o}n, B. and Felip, J. and Gratal, X. and Bergstrom, N. and Kragic, D. and Morales, A.},
	Booktitle = {{IEEE ICRA}},
	@Pages = {686--693},
	Title = {Mind the gap -- robotic grasping under incomplete observation},
	Year = {2011}
}

@inproceedings{coelho2000a,
	Author = {Coelho, J. and Piater, J. and Grupen, R.},
	Booktitle = {Robotics and Autonomous Systems},
	Pages = {7--8},
	Title = {Developing haptic and visual perceptual categories for reaching and grasping with a humanoid robot},
	Volume = {37},
	Year = {2000}
}
@article{morales2004a,
	Author = {Morales, A. and Chinellato, E. and Fagg, A. H. and del Pobil, A. P.},
	Journal = {International Journal of Humanoid Robotics},
	Number = {4},
	Pages = {671--691},
	Title = {Using Experience for Assessing Grasp Reliability},
	Volume = {1},
	Year = {2004}
}
@inproceedings{bard1990a,
	Author = {Bard, C. and Troccaz, J.},
	Booktitle = {International Workshop on Intelligent Robots and Systems},
	Pages = {865--872},
	Title = {Automatic preshaping for a dextrous hand from a simple description of objects},
        Publisher = {IEEE},
	Year = {1990}
}
@article{caflisch1998a,
	Author = {Caflisch, R.E.},
	Journal = {Acta Numerica},
	Pages = {1--49},
	Publisher = {Cambridge Univ Press},
	Title = {Monte carlo and quasi-monte carlo methods},
	Volume = {7},
	Year = {1998},
}
@inproceedings{chiuso2000a,
	Author = {Chiuso, A. and Soatto, S.},
	Booktitle = {Proc. of IEEE CDC},
	Month = {December},
	Pages = {304--309},
	Title = {Monte Carlo filtering on Lie groups},
	Volume = {1},
	Year = {2000},
}

@book{silverman1986a,
	Author = {B. W. Silverman},
	Journal = {Monographs on Statistics and Applied Probability},
	Publisher = {{Chapman \& Hall/CRC}},
	Title = {Density Estimation for Statistics and Data Analysis},
	Year = {1986},
}
@inproceedings{fisher1953a,
	Author = {Fisher, R. A.},
	Booktitle = {Proc. Roy. Soc. London Ser. A.},
	Title = {Dispersion on a sphere},
	volume = {217},
	number = {1130},
	pages = {295--305},
        publisher = {Royal Society},
	Year = {1953}
}
@phdthesis{sudderth2006a,
	Address = {Cambridge, MA},
	Author = {Erik B. Sudderth},
	School = {MIT},
	Title = {Graphical models for visual object recognition and tracking},
	Year = {2006},
}
@book{spivak1979comprehensive,
  title={A comprehensive introduction to differential geometry},
  author={Spivak, M.},
  year={1999},
  volume={1},
  publisher={Publish or Perish Berkeley}
}
@InProceedings{Rusu_ICRA2011_PCL,
  author    = {R. Rusu and S. Cousins},
  title     = {{3D is here: Point Cloud Library (PCL)}},
  booktitle = {ICRA 2011},
  month     = {May 9-13},
  year      = {2011},
  address   = {Shanghai, China}
}


@inproceedings{hsiao2006imitation,
  title={Imitation learning of whole-body grasps},
  author={Hsiao, K. and Lozano-Perez, T.},
  booktitle={Intelligent Robots and Systems, 2006 IEEE/RSJ International Conference on},
  pages={5657--5662},
  year={2006},
  organization={IEEE}
}
@article{ciocarlie2009hand,
  title={Hand posture subspaces for dexterous robotic grasping},
  author={Ciocarlie, M.T. and Allen, P.K.},
  journal={IJRR},
  volume={28},
  number={7},
  pages={851--867},
  year={2009},
  publisher={Sage Publications}
}
@inproceedings{borst1999fast,
  title={A fast and robust grasp planner for arbitrary 3D objects},
  author={Borst, C. and Fischer, M. and Hirzinger, G.},
  booktitle={ICRA 1999},
  volume={3},
  pages={1890--1896},
  year={1999},
  organization={IEEE}
}


@article{shoemake_animating_1985,
	title = {Animating rotation with quaternion curves},
	volume = {19},
	issn = {0097-8930},
	number = {3},
	journal = {{SIGGRAPH} Comput. Graph.},
	author = {Shoemake, Ken},
	month = jul,
	year = {1985},
	pages = {245–254}
}

@article{ankerst1999optics,
  title={OPTICS: ordering points to identify the clustering structure},
  author={Ankerst, M. and Breunig, M.M. and Kriegel, H.P. and Sander, J.},
  journal={ACM SIGMOD Record},
  volume={28},
  number={2},
  pages={49--60},
  year={1999},
  publisher={ACM}
}

@inproceedings{weber1998quantitative,
  title={A quantitative analysis and performance study for similarity-search methods in high-dimensional spaces},
  author={Weber, Roger and Schek, Hans-J{\"o}rg and Blott, Stephen},
  booktitle={Proceedings of the 24th VLDB Conference},
  volume={98},
  pages={194--205},
  year={1998}
}

@book{kanatani2005statistical,
  title={Statistical optimization for geometric computation: theory and practice},
  author={Kanatani, Kenichi},
  year={2005},
  publisher={Courier Dover Publications}
}
@phdthesis{kopicki2010prediction,
  title={Prediction learning in robotic manipulation},
  author={Kopicki, Marek},
  year={2010},
  school={University of Birmingham}
}
@article{kirkpatrick83optimizationby,
    author = {S. Kirkpatrick and C. D. Gelatt and M. P. Vecchi},
    title = {Optimization by simulated annealing},
    journal = {Science},
    year = {1983},
    volume = {220},
    number = {4598},
    pages = {671--680}
}